2534 4082
0 0 53 196 ξ
1068 117 1397 167 Praefatio,
2149 142 2271 182 XIII

0 197 12 225 ἱ

0 230 10 300 Ξ
167 281 394 336 Paulum
430 264 653 334 Emesae
689 281 997 350 episcopum
1041 284 1113 337 ad
1147 284 1408 339 Joannem
1445 285 1569 338 Ant.
1618 286 1799 351 missa,
1849 285 2049 341 Graece
2097 294 2273 344 exstat

151 396 236 448 ‘in‘
257 363 556 448 *Sacrorum
594 393 948 447 Conciliorum
995 395 1145 449 Nova
1194 396 1518 451 Collectione
1574 415 1607 452 a
1650 398 1822 452 Mansi
1867 398 2013 453 edita
2056 403 2182 454 tom.
2230 402 2273 454 V

163 525 206 559 c.
262 510 363 560 289
390 537 461 545 -—
489 508 589 558 292
644 510 698 558 et
756 510 854 559 301
890 537 951 546 —
988 511 1106 561 309.
1207 508 1280 560 At
1324 496 1570 563 homiliae
1625 515 1746 564 octo
1803 481 1937 580 quas
1991 512 2273 581 selegimus

165 635 368 684 omnes,
414 633 739 685 quamquam
777 622 831 672 et
865 620 1015 688 ipsae
1052 637 1080 673 e
1119 619 1321 674 Graeco
1357 622 1414 673 in
1452 623 1589 675 Geez
1626 641 1829 690 versae,
1877 631 2139 693 quantum
2174 644 2271 680 nos

163 734 378 803 quidem
415 734 630 798 scimuS‚
681 732 882 786 Graece
918 732 1154 786 nondum
1189 733 1330 802 typis
1374 733 1548 787 editae
1592 740 1731 788 sunt.
1816 737 1888 790 Et
1924 738 2181 806 epistolae
2218 745 2272 793 et

164 847 412 901 homiliae
458 845 737 899 intellectu
793 844 1006 913 quidem
1062 843 1408 911 difficiliores,
1467 846 1560 899 sed
1617 847 1872 901 orationis
1924 868 2116 918 genere
2170 858 2269 920 pu'-

161 960 370 1014 rissimo
417 964 471 1014 et
522 958 892 1026 antiquissimo
938 958 1173 1025 insignes
1215 963 1343 1037 sunt
1379 963 1433 1012 et
1470 958 1687 1026 dignae,
1742 978 1879 1027 quae
1922 979 1955 1014 a
2003 963 2129 1015 viris
2166 963 2269 1017 Ae-

161 1073 429 1142 thiopicae
481 1072 698 1139 linguae
753 1070 1006 1124 studiosis
1059 1074 1469 1138 pertractentur.
1566 1071 1650 1123 Ex
1703 1072 1892 1125 iisdem
1953 1075 2271 1142 scriptorum

162 1203 299 1254 quae
355 1184 423 1238 ad
474 1184 800 1252 theologiam
854 1183 1208 1251 dogmaticam
1263 1188 1317 1238 et
1372 1184 1695 1251 exegeticam
1748 1185 2019 1252 pertinent
2074 1186 2270 1255 stylum

162 1297 435 1351 addiscere
480 1297 620 1350 licet.
692 1295 954 1349 Homilias
1001 1295 1273 1350 Severiani
1321 1300 1374 1349 et
1422 1295 1626 1366 Cyrilli,
1677 1314 1796 1350 cum
1839 1299 2009 1365 magis
2052 1305 2271 1367 apertae

161 1413 216 1462 et
250 1408 319 1463 ad
356 1407 728 1476 exponendum
763 1407 1027 1460 faciliores
1064 1408 1193 1473 sint,
1233 1412 1420 1461 contra
1455 1409 1830 1463 auctoritatem
1867 1410 2107 1464 codicum
2143 1418 2267 1466 ante

161 1526 400 1575 caeteras
436 1521 725 1589 posuimus,

301 1635 366 1687 In
403 1633 818 1687 chrestomathia
852 1633 910 1686 in
946 1650 1053 1701 qua
1089 1633 1238 1686 varia
1284 1613 1560 1686 literarum
1605 1649 1800 1700 genera
1845 1636 2098 1703 exemplis
2144 1636 2267 1690 illu-

160 1747 383 1802 stranda
430 1748 539 1801 sint
588 1747 763 1815 poesis
819 1745 1002 1799 deesse
1056 1746 1257 1814 nequit.
1349 1746 1481 1814 Ejus
1537 1745 1736 1813 species
1791 1746 1936 1814 apud
1981 1748 2276 1817 Aethiopes·

162 1865 288 1914 sunt
324 1860 481 1913 duae:
529 1860 636 1914 alia
672 1863 881 1912 constat
927 1842 1249 1912 carminibus
1299 1876 1438 1927 quae
1481 1858 1591 1912 fere
1638 1859 1814 1912 omnia
1843 1861 1915 1911 'in
1959 1877 2045 1935 res
2091 1877 2268 1914 sacras

66 2010 68 2012 -
159 1974 242 2027 vel
289 1990 545 2041 personas
591 1977 803 2042 sanctas
859 1972 1003 2025 dicta
1056 1975 1202 2037 sunt,
1244 1972 1366 2026 'alia
1418 1971 1628 2040 hymnis
1683 1975 1737 2024 et
1779 1971 2086 2040 antiphonis
2134 1991 2272 2041 quae

159 2091 374 2154 praeter
426 2073 658 2154 psalmos
713 2085 795 2138 vel
847 2083 1066 2152 psalmis
1116 2084 1456 2137 intermixtae
1512 2083 1698 2137 diebus
1751 2084 1900 2138 festis
1948 2086 2004 2137 in
2051 2085 2270 2140 aedibus

160 2200 324 2253 sacris
362 2199 570 2253 cantari
608 2198 863 2252 solebant.
950 2197 1097 2250 Haec
1141 2196 1492 2264 Aethiopibus
1540 2197 1689 2264 prius
1734 2198 1947 2251 exculta
1990 2197 2151 2251 fuisse
2194 2200 2268 2251 vi-

160 2312 317 2366 detur
363 2329 524 2380 quam
567 2310 685 2377 illa3
742 2314 887 2364 certe
932 2310 1170 2363 carmina
1219 2313 1485 2378 quotquot
1538 2315 1827 2377 supersunt
1878 2311 2091 2378 linguae
2145 2315 2270 2364 sunt

161 2425 481 2478 documenta
505 2423 801 2491 degeneris,
840 2440 948 2477 non
973 2423 1188 2476 nativae
1211 2423 1356 2476 illius
1382 2439 1519 2491 quae
1555 2422 1612 2475 in
1650 2440 1740 2476 ore
1777 2423 1962 2490 populi
1999 2423 2268 2491 quondam

158 2538 278 2591 viva
326 2540 466 2603 erat,
523 2536 617 2590 sed
653 2535 894 2589 facticiae
942 2535 1220 2606 cujusdam
1270 2539 1324 2588 et
1378 2538 1622 2600 ornatae,
1680 2552 1817 2603 quae
1863 2535 2065 2588 ultimis
2111 2536 2270 2589 medii

159 2650 276 2703 aevi
312 2649 536 2702 saeculis
572 2648 630 2701 in
667 2648 862 2701 scholis
897 2648 1233 2702 literatorum
1270 2646 1447 2700 efficta
1485 2647 1696 2700 nonnisi
1733 2646 1803 2700 ad
1838 2646 2002 2700 libros
2039 2648 2267 2701 conscri-

159 2762 358 2827 bendos
397 2766 658 2830 usurpata
694 2766 825 2815 erat.

308 2876 362 2943 9)
418 2875 462 2926 E
522 2874 868 2928 Carminibus
921 2872 1202 2942 selegimus
1256 2873 1651 2941 praestantiora
1706 2872 1970 2940 quaedam
2025 2877 2078 2925 et
2134 2890 2268 2941 quae

9 3023 14 3027 -
91 3049 94 3053 ,
158 2987 432 3057 Abyssinis
480 2987 611 3055 ipsis
661 2987 890 3040 maxime
934 2991 1061 3039 sunt
1113 2986 1170 3038 in
1225 2985 1427 3039 deliciis
1445 3027 1457 3051 ‚
1513 3002 1835 3054 quamquam
1891 2985 1957 3040 ab
2013 3002 2076 3038 ea
2130 3003 2267 3053 quae

158 3105 373 3154 nostrae
428 3101 560 3153 artis
616 3099 854 3167 poeticae
908 3099 1117 3166 legibus
1171 3099 1497 3167 praecipitur
1558 3098 1822 3165 elegantia
1876 3103 1930 3151 et
1990 3102 2266 3151 venustate

159 3213 315 3279 longe
365 3212 553 3265 aliena.
646 3212 869 3265 Carmen
915 3212 1167 3279 primum,
1225 3210 1428 3264 Tabiba
1473 3209 1714 3263 Tabiban
1759 3210 2096 3277 inscriptum,
2142 3225 2261 3260 cen-

158 3325 302 3377 turia
328 3327 347 3358 1
394 3341 641 3377 versuum
678 3341 772 3377 seu
808 3324 1150 3392 stropharum
1187 3327 1412 3388 constat,
1447 3324 1504 3375 in
1542 3323 1733 3391 quibus
1759 3323 1903 3376 Deus
1940 3338 2004 3373 ex
2042 3320 2266 3373 historia

285 3567 299 3594 ¹
335 3567 562 3612 Numerus
604 3572 684 3612 102
728 3581 862 3624 quem
909 3568 957 3611 in
1001 3567 1147 3612 lexico
1191 3571 1348 3611 nostro
1398 3581 1434 3609 c.
1474 3566 1539 3608 XI
1586 3563 1849 3616 statuimus),
1898 3574 2053 3605 errore
2091 3561 2265 3615 nititur,
