2534 4082
905 1249 1423 1329 PRAEFATIO.

251 1745 740 1826 Chrestomathiam
778 1773 974 1825 edituri
1013 1791 1194 1826 sumus
1233 1791 1369 1841 quae
1407 1778 1460 1826 et
1494 1774 1774 1842 juvenibus
1803 1775 1939 1827 Geez
1978 1775 2215 1842 linguam

102 1883 495 1938 addiscentibus
534 1891 587 1937 et
621 1886 746 1938 viris
778 1886 1102 1939 doctioribus
1128 1904 1265 1940 nova
1291 1887 1553 1954 quaedam
1581 1887 1879 1940 studiorum
1905 1887 2216 1956 adjumenta

101 1997 355 2063 praebere
391 1999 573 2064 possit.
648 1999 728 2051 Ea
764 2000 1106 2052 continentur
1142 2001 1433 2067 specimina
1467 2001 1745 2053 literarum
1782 2001 2213 2069 Aethiopicarum

99 2109 323 2174 inedita,
358 2112 489 2163 varii
516 2112 744 2178 generis,
782 2130 953 2179 neque
979 2113 1198 2180 indigna
1224 2130 1361 2180 quae
1387 2117 1502 2165 arte
1528 2114 1915 2182 typographica
1941 2114 2215 2182 divulgata

99 2221 343 2288 pluribus
380 2228 491 2275 tam
527 2225 810 2291 philologis
838 2243 997 2293 quam
1031 2226 1295 2292 theologis
1327 2225 1666 2279 innotescant
1691 2231 1745 2278 et
1768 2227 2030 2293 legantur.
2088 2228 2213 2279 Plu—

98 2334 235 2387 rima
272 2352 454 2388 eorum
502 2354 566 2389 ex
614 2337 733 2390 aliis
779 2337 973 2404 linguis
1023 2340 1078 2390 in
1131 2338 1267 2390 Geez
1315 2338 1579 2390 translata
1617 2343 1742 2391 sunt
1780 2343 1834 2391 et
1872 2339 2066 2407 stylum
2105 2340 2212 2391 sive

102 2447 364 2500 Graecum
402 2450 508 2501 sive
548 2450 833 2502 Arabicum
870 2450 1134 2515 redolent,
1183 2451 1438 2518 pauciora
1484 2451 1541 2523 in
1586 2451 1870 2519 Abyssinia
1913 2453 2032 2518 ipsa
2079 2469 2214 2503 com-

98 2561 274 2628 posita
329 2566 476 2627 sunt3
539 2561 646 2616 alia
701 2563 1038 2630 antiquitatis
1097 2562 1431 2616 Christianae
1492 2570 1837 2616 monumenta
1902 2569 2026 2616 sunt
2082 2565 2212 2617 satis

98 2673 483 2739 memorabilia,
548 2674 656 2727 alia
710 2676 967 2728 sermonis
1024 2680 1078 2727 et
1131 2676 1330 2742 ingenii
1387 2693 1492 2743 quo
1550 2675 1801 2744 Abyssini
1856 2675 2029 2728 medio
2084 2693 2211 2731 aevo

98 2789 324 2838 exeunte
360 2787 653 2840 utebantur
690 2787 1029 2854 documenta;
1069 2788 1174 2840 alia
1209 2788 1373 2856 plana
1409 2793 1597 2856 aperta
1634 2788 1939 2854 emendata,
1978 2788 2086 2841 alia
2111 2788 2209 2841 dif-

95 2897 342 2964 ficiliora,
390 2916 791 2969 nonnumquam
827 2905 1082 2968 corrupta
1119 2905 1174 2954 et
1211 2901 1427 2954 criticae
1478 2918 1690 2968 quoque
1735 2902 1840 2953 arti
1885 2902 2210 2954 exercendae

95 3010 300 3064 idonea.

238 3124 474 3177 Primum
511 3125 715 3179 ducunt
750 3144 940 3195 agmen
977 3121 1267 3194 specimina
1312 3127 1576 3195 quaedam
1615 3128 1871 3180 orationis
1907 3127 2207 3191 historicae,

95 3235 341 3289 videlicet
375 3236 512 3290 liber
535 3238 771 3292 Baruchi
809 3240 1144 3310 apocryphus
1182 3245 1236 3293 et
1273 3240 1710 3294 narratiunculae
1749 3241 1813 3294 de
1840 3242 1964 3293 viris
1991 3240 2207 3303 sanctiS‚

95 3367 257 3416 quae,
306 3367 632 3419 quamquam
680 3352 750 3405 ad
792 3353 1254 3422 interpretandum
1301 3351 1590 3418 facilioreS‚
1642 3358 1819 3406 tamen
1864 3371 1983 3405 cum
2029 3355 2207 3404 aetate

94 3465 148 3514 et
193 3461 402 3515 dicendi
447 3481 638 3531 genere
681 3465 957 3520 inferiores
1005 3468 1135 3533 sint,
1192 3471 1313 3534 post
1359 3466 1552 3519 librum
1591 3465 1821 3518 Baruchi
1870 3464 2209 3518 collocandae

93 3573 423 3628 videbantur.
