2534 4082
1062 129 1430 176 Praefati0.‘
1776 101 1784 110 ⁶
2043 118 2060 158 .'
2154 151 2283 191 .1X
2358 178 2364 185 ,

182 295 621 364 Θῖεαῐεηςηεῐορᾶῡίε
664 297 743 361 fiir
791 297 1142 364 protestantifctye
1180 265 1430 364 {bento-gie
1473 304 1566 350 unb
1603 297 1757 364 eitdye
1795 299 1887 350 2312.
1928 295 2030 347 XII
2069 314 2119 363 p.
2160 303 2276 352 314.

181 405 418 460 Fabulae
454 422 591 473 quae
628 388 782 457 ineo
821 409 1205 472 expromuntur
1242 406 1378 459 aliae
1415 407 1628 474 quidem
1665 407 1826 460 etiam
1867 407 1986 460 aliis
2030 410 2087 460 in
2132 410 2281 463 libris
2318 468 2320 471 ,

180 523 291 570 tam
324 517 562 570 Judaicis
600 534 760 584 quam
785 516 1102 570 Christianis
1139 515 1224 585 (ut
1259 518 1315 569 in
1354 523 1382 570 2
1410 519 1574 572 Mace.
1602 523 1657 584 2,
1694 519 1921 589 maxime
1957 520 2013 572 in
2039 490 2284 589 Epistola

182 630 276 682 illa
313 629 544 705 Baruchi
580 630 886 699 apocrypha
922 647 1060 697 quae
1098 629 1310 703 Syriace
1356 631 1412 682 in
1450 632 1765 701 Polyglottis
1804 634 2191 689 Parisiensibus
2229 641 2283 689 et

181 743 607 797 Londinensibus
645 743 789 796 edita
825 744 927 811 est)
966 744 1288 811 quamquam
1326 762 1431 796 non
1468 745 1627 813 plane
1665 748 1879 800 eaedem
1915 748 2280 816 inveniuntur;

166 856 314 927 ⁴aliae
363 858 454 925 (ut
502 856 907 910 narratiuncula
952 855 1017 909 de
1066 856 1448 927 Ebedmelech)
1495 859 1791 925 singulares
1838 861 2106 928 videntur3
2160 881 2280 931 per-

92 963 93 966 *
177 970 347 1024 multa
382 975 563 1023 autem
601 987 738 1038 quae
774 970 848 1023 ibi
885 970 1231 1038 perhibentur
1270 958 1372 1040 (ex.
1411 988 1487 1039 gr.
1533 972 1598 1025 de
1634 973 1880 1026 Barucho
1918 976 1974 1026 in
2010 976 2280 1030 vicinitate

176 1085 675 1154 Hierosolymorum,
700 1090 754 1137 et
789 1084 1020 1137 Jeremia
1055 1085 1111 1137 in
1148 1085 1444 1155 Babylonia
1485 1103 1582 1154 per
1626 1090 1799 1139 totum
1845 1089 2015 1140 exsilii
2052 1090 2279 1157 Babylo-

175 1197 278 1249 nici
315 1203 525 1265 tempus
547 1198 872 1266 superstite,
922 1197 987 1250 de
1023 1197 1254 1250 Jeremia
1289 1214 1409 1251 cum
1440 1179 1718 1252 'exsulibus
1754 1200 1811 1252 in
1848 1201 2078 1268 patriam
2129 1203 2279 1255 rede-

174 1312 302 1361 unte
357 1313 411 1360 et
465 1307 732 1360 connubia
765 1302 1103 1361 {Iudaeorum
1159 1327 1278 1362 cum
1331 1301 1625 1379 peregrinis
1674 1312 1867 1381 juncta
1920 1314 2280 1381 impugnante,

174 1421 401 1488 denique
438 1420 753 1488 martyrium
789 1412 863 1471 in'
883 1419 1191 1473 Palaestina
1226 1421 1512 1488 subeunte,
1551 1423 1616 1476 de
1642 1424 2024 1478 Samaritarum
2063 1427 2279 1494 origine,

173 1532 264 1603 al.)
301 1533 521 1586 veritati
557 1532 845 1585 historicae
878 1537 991 1584 tam
1028 1532 1365 1590 vehementer
1405 1539 1732 1602 repugnant,
1770 1541 1832 1589 ut
1869 1543 2138 1592 auctorem
2174 1557 2281 1592 non

172 1645 433 1713 possimus
472 1663 579 1698 non
616 1645 875 1717 suspicari
912 1645 1042 1698 satis
1079 1646 1266 1698 rudem
1303 1651 1358 1699 et
1391 1651 1806 1714 commentorum
1832 1667 2090 1703 vanorum
2113 1653 2281 1719 magis

151 1775 334 1830 uquam
387 1775 567 1811 rerum
621 1776 893 1811 sacrarum
948 1759 1193 1826 peritum.
1286 1760 1423 1812 Eum
1469 1759 1664 1813 Christi
1719 1761 1961 1829 religioni
2009 1763 2281 1816 addictum

171 1869 334 1924 fuiss'e
372 1888 478 1924 non
515 1876 596 1924 est
633 1872 776 1939 quod
813 1872 1027 1924 uberius
1064 1889 1407 1939 exponamus.
1437 1906 1439 1909 .
1482 1873 1661 1926 Etiam
1699 1874 1828 1941 quid
1865 1875 1921 1926 in
1957 1875 2138 1928 libello
2185 1894 2280 1929 suo

173 1984 506 2051 compilando
545 1984 645 2037 sibi
688 1986 1050 2052 pro-posuerit,
1104 1984 1248 2037 hau'd
1293 1985 1510 2038 dubium
1553 1986 1777 2039 videtur.
1862 1987 1997 2040 Nam
2045 1989 2182 2042 sicut
2226 1990 2281 2041 in

159 2097 397 2164 antiqua
442 2098 664 2150 ecclesia
709 2098 891 2151 multis
929 2097 1136 2150 Veteris
1182 2098 1511 2150 Testamenti
1558 2099 1684 2152 viris
1730 2103 1784 2152 et
1827 2101 2038 2154 vatibus
2083 2102 2282 2170 scripta

172 2210 634 2278 pseudepigrapha
688 2211 1128 2278 supponebantur
1184 2210 1318 2279 (vid.
1367 2210 1577 2278 Herzog
1629 2211 1663 2263 1.
1711 2229 1752 2264 c.
1798 2231 1851 2280 p.
1901 2218 2001 2266 312
2033 2246 2096 2253 —
2128 2217 2278 2284 319),

171 2323 362 2391 quibus
401 2324 509 2376 sive
547 2323 798 2391 dogmata
836 2324 942 2376 sive
981 2327 1279 2377 commenta
1315 2323 1578 2376 inferioris
1613 2326 1805 2378 aetatis
1838 2325 2280 2380 confirmarentur

97 2511 100 2514 ⁴
172 2535 1066 2606 hauh-nabcmvwam-nn
1098 2550 1131 2584 ==
1165 2501 1818 2603 mnmwfflmcszw
1845 2538 2278 2599 mommo-221·-

171 2656 245 2715 ΊΖ
268 2651 770 2714 ’(1)ωὴἲέλὴὴὲ
791 2650 1006 2713 mn?
1031 2667 1047 2698 =
1069 2651 1265 2712 (114ὸὴ
1288 2667 1304 2697 =
1331 2653 1639 2712 wll-3⁰⁰·
1662 2667 1678 2698 =
1701 2650 1842 2712 ἎΜΙ
1866 2668 1882 2698 =
1906 2653 2242 2712 ,Q‘MM'W
2258 2669 2275 2700 =

77 2803 86 2813 .
172 2765 1251 2837 λῃωεῃοωεβωεῆηώεωιῂψε
1275 2766 1453 2826 π-ηε
1497 2765 1525 2807 i.
1559 2780 1596 2808 e.
1629 2765 1877 2823 Prophetia
1906 2766 2145 2811 Jeremiae.
2216 2769 2280 2811 Et

169 2868 286 2913 dixit
314 2868 535 2913 Jeremias
567 2867 625 2912 ad
653 2867 857 2912 Paschur
887 2867 972 2911 ita:
1003 2882 1085 2912 vos
1116 2869 1268 2910 autem
1301 2866 1511 2911 omnibus
1545 2867 1706 2911 diebus
1728 2868 1893 2921 vestris
1916 2869 2183 2925 repugnatis
2206 2883 2278 2913 ve·

170 2955 298 2999 ritati
328 2970 430 3000 cum
461 2956 669 3012 patribus
700 2954 864 3001 vestris
897 2958 943 2998 et
973 2954 1078 3010 filiis
1108 2954 1273 2998 vestris
1305 2955 1383 3010 qui
1412 2958 1523 3010 post
1551 2969 1634 3000 vos
1665 2956 1848 3000 venturi
1880 2959 1999 2999 sunt.
2058 2955 2096 2998 Ii
2126 2959 2280 2999 autem

169 3046 410 3100 peccatum
441 3043 612 3087 facient
640 3043 786 3100 magis
816 3042 1158 3099 reprobandum
1192 3057 1329 3098 quam
1359 3056 1461 3087 vos:
1501 3042 1535 3085 ii
1565 3043 1766 3087 vendent
1787 3058 1901 3105 ‘eum
1944 3044 2073 3099 cujus
2103 3043 2276 3085 nullum

171 3133 239 3174 est
270 3131 481 3187 pretium,
513 3134 560 3174 et
591 3120 754 3174 dolore
786 3129 985 3186 afficient
1016 3144 1120 3174 eum
1141 3122 1219 3184 qui
1242 3129 1425 3173 dolores
1457 3132 1695 3173 sanaturus
1719 3133 1809 3185 est,
1843 3133 1888 3174 et
1910 3130 2279 3174 condemnabunt

170 3233 275 3262 eum
307 3218 384 3273 qui
413 3220 654 3274 peccatum
683 3217 952 3261 remissurus
984 3220 1074 3272 est,
1114 3219 1160 3259 et
1189 3217 1419 3273 accipient
1446 3217 1640 3274 triginta
1671 3219 1933 3275 argenteos,
1969 3216 2164 3271 pretium
2196 3216 2278 3258 ho-

170 3305 342 3361 norati,
385 3319 520 3361 quem
551 3303 784 3349 vendituri
815 3306 922 3348 sunt
952 3303 1033 3347 filii
1063 3304 1266 3359 Israelis,
1312 3306 1359 3348 et
1390 3304 1564 3351 dabunt
1595 3305 1729 3348 istam
1760 3304 2001 3360 pecuniam
2031 3303 2079 3345 in
2111 3317 2273 3359 agrum

167 3393 309 3449 figuli.
370 3392 498 3436 Sicut
534 3406 607 3436 me
641 3392 777 3449 jussit
815 3391 1060 3450 Dominus,
1101 3391 1166 3434 ita
1194 3392 1371 3446 loquor.
1420 3393 1497 3445 >Et
1536 3395 1787 3448 propterea
1827 3391 2096 3435 demittetur
2135 3404 2272 3444 super

169 3494 248 3525 eos
274 3479 498 3536 judicium
529 3482 576 3524 et
606 3479 805 3537 perditio
836 3493 980 3535 usque
1009 3479 1058 3523 in
1090 3481 1326 3523 aeternum
1367 3483 1414 3524 et
1449 3493 1584 3535 super
1624 3480 1741 3524 filios
1784 3493 1939 3523 eorum
1979 3493 2119 3535 usque
2159 3482 2265 3535 post

172 3582 272 3624 eos,
296 3568 410 3624 *quia
440 3567 488 3611 in
516 3566 690 3624 judicio
719 3568 990 3625 sanguinem
1022 3566 1315 3612 innocentem
1347 3567 1645 3612 effuderunt.“
