2574 4068
312 134 425 173 XVI
1009 158 1013 163 ,
1200 114 1537 166 Praefatio.

314 286 343 350 ξ
371 286 490 348 289,
530 283 596 350 o),
634 282 776 335 inter
812 298 1002 334 nomen
1042 281 1457 334 determinatum
1496 286 1550 336 et
1586 282 1944 364 determinans
1982 285 2135 339 aliud.
2166 288 2435 358 interponi

312 380 574 463 potuerit,
623 394 766 463 quod
804 394 1143 468 determinati
1181 397 1456 464 tamquam
1492 398 1912 464 permutativum
1961 399 2044 452 sit.
2131 400 2336 454 Deinde
2381 402 2435 455 id

313 509 458 576 quod
496 509 610 577 jam
656 508 687 560 J
692 475 720 559 ,γ
749 506 1008 560 Ludolfus
1052 508 1108 579 in
1156 525 1255 561 sua
1302 510 1652 576 grammatica
1707 518 2033 578 asseruerat,
2095 531 2192 566 nos
2240 518 2434 581 autem,

313 623 441 690 quia
465 620 706 688 exemplo
733 619 886 673 nobis
913 621 1149 674 nondum
1185 622 1471 690 probatum
1510 629 1650 695 erat,
1692 624 1749 677 in
1773 629 1960 678 nostra
1991 627 2342 694 grammatica
2378 627 2436 697 (l.

313 753 354 787 e.
393 737 575 786 annot.
620 734 671 802 1)
709 734 1047 802 negavimus,
1097 753 1282 788 verum
1320 754 1434 789 esse
1472 753 1537 789 ex
1576 737 1783 790 duobus
1821 738 2268 794 chrestomathiae
2305 743 2434 794 locis

312 852 563 916 apparet,
600 847 872 900 licentiam
911 847 1053 914 dico,
1094 867 1202 917 qua
1239 853 1417 903 sumta
1436 853 1643 918 'poetae
1679 868 1874 904 nomen
1911 852 2272 907 determinans
2309 860 2435 908 ante

310 978 502 1014 nomen
542 959 956 1015 determinatum
997 967 1051 1015 et
1086 962 1143 1014 in
1183 966 1329 1015 statu
1369 934 1674 1016 constructe
1713 963 1948 1030 positum
1993 965 2253 1020 collocare
2289 968 2436 1022 haud

313 1073 588 1128 dubitant:
637 1075 882 1143 exempla
918 1075 1263 1128 inveniuntur
1308 1094 1363 1143 Ι).
1399 1080 1466 1129 36
1504 1075 1538 1128 1.
1580 1080 1609 1128 9
1651 1080 1704 1128 et
1740 1093 1791 1143 p.
1837 1081 1933 1129 147
1973 1077 2006 1129 1.
2051 1082 2114 1131 10
2153 1080 2243 1147 (at
2284 1079 2435 1134 locus

310 1208 361 1258 p.
416 1194 514 1243 137
560 1190 596 1243 1.
627 1194 712 1263 ,18
757 1189 881 1242 inde
928 1190 1241 1257 exponitur,
1298 1189 1444 1257 quod
1489 1186 1717 1250 024ssst
1774 1191 1880 1244 vim
1924 1191 2180 1245 Infinitivi
2225 1193 2434 1265 habet).

311 1304 556 1371 Denique
610 1320 826 1355 monere
881 1301 1130 1369 velimUS‚
1193 1302 1365 1372 legem
1425 1303 1480 1356 in
1536 1321 1755 1372 gramm.
1813 1306 1841 1374 ἕ
1903 1310 2028 1371 189,
2079 1311 2136 1372 3,
2192 1325 2226 1360 a
2278 1326 2434 1376 prae-

310 1420 543 1484 ceptam,
582 1433 611 1468 e
648 1432 756 1484 qua
781 1415 1038 1486 'Subjeeto
1076 1434 1273 1470 nomen
1309 1418 1366 1470 in
1403 1419 1722 1472 Accusativo
1760 1436 2031 1487 apponere
2067 1419 2213 1487 licet,
2251 1422 2434 1476 multis

311 1528 759 1583 chrestomathiae
797 1530 1055 1598 exemplis
1091 1530 1314 1597 firmari,
1352 1536 1414 1584 ut
1449 1550 1501 1599 p.
1540 1535 1623 1585 50.
1662 1535 1747 1585 88.
1786 1536 1851 1585 99
1893 1533 1960 1586 al.

449 1643 659 1696 Dabam
698 1643 886 1697 Gissae
926 1643 1206 1697 Cattorum

296 1741 314 1751 ’
378 1756 464 1809 die
501 1757 580 1809 lx
606 1757 849 1811 Octobris
875 1757 1275 1811 Mncecnxv.

1702 2073 1778 2133 A.
1823 2074 2168 2136 Dillmann.
2239 2094 2251 2105 ‘
