2534 4082
259 138 375 179 XIV
1154 117 1487 164 Praefatio.

261 288 458 341 biblica
505 291 559 340 et
605 305 669 340 ex
714 285 910 341 fabulis
958 286 1101 354 apud
1148 290 1395 339 auctores
1444 285 1702 340 librorum
1755 287 2181 357 apocryphorum
2227 290 2378 341 etin

261 400 485 454 ecclesia
529 401 755 467 antiqua
800 398 967 451 obviis
1012 396 1281 457 laudatur.
1375 399 1761 468 Depromptum
1811 406 1893 454 est
1938 418 1967 453 e
2011 400 2191 454 codice
2237 401 2385 471 Bodf

261 514 438 567 leiano
493 511 782 566 Oxoniensi
837 511 1016 563 XVIII
1073 511 1107 566 f.
1170 517 1375 566 1--34
1408 539 1467 559 =
1492 515 1562 580 A,
1619 514 1704 567 cui
1759 513 1942 567 collati
1998 518 2124 567 sunt
2173 514 2216 566 B
2263 514 2296 566 i.
2335 531 2378 567 e.

261 627 427 680 codex
464 625 636 679 Musei
674 625 974 678 Britannici
1012 625 1132 678 LVI
1170 626 1203 678 f.
1245 631 1274 679 5
1299 625 1360 665 '—
1386 631 1455 680 46
1502 630 1557 680 et
1601 627 1640 680 (3
1666 653 1726 672 :-
1749 627 1916 680 codex
1954 627 2193 696 ejusdem
2230 627 2378 680 LVII

259 740 293 792 f.
339 744 368 792 3
391 770 458 777 —-
481 742 564 791 25.
651 737 915 804 SecundO,
973 739 1267 792 Machbara
1320 740 1647 807 Me‘manan,
1705 742 2005 794 communio
2060 741 2381 795 sacramenti

259 852 448 906 altaris
495 851 819 919 celebratum
867 852 1021 906 nobis
1059 853 1461 921 suppeditatum
1509 857 1592 906 est
1639 853 1908 906 codicibus
1946 851 2175 920 duobUS,
2223 854 2294 906 sc.
2334 854 2379 906 A

259 983 354 1019 seu
379 965 674 1019 Bodleiano
698 965 880 1019 XVIII
907 966 940 1018 f.
971 970 1036 1019 35
1057 998 1127 1005 —
1147 971 1214 1019 42
1255 972 1309 1019 et
1345 967 1389 1019 B
1429 983 1523 1019 seu
1549 965 1721 1018 Musei
1746 966 1879 1018 Brit.
1907 965 2053 1018 LVII
2078 966 2112 1019 f.
2140 971 2203 1019 37
2221 971 2380 1019 -41.

259 1079 465 1145 TertiO,
510 1078 743 1133 Malke’a
778 1079 1028 1144 Mariam,
1078 1079 1379 1146 exemplum
1418 1078 1698 1131 exhibetur
1735 1095 1919 1131 eorum
1955 1080 2281 1146 poematum,
2325 1079 2380 1132 in

259 1192 454 1261 quibus
499 1209 596 1260 per
641 1192 876 1260 singulos
922 1209 1107 1244 versus
1156 1191 1369 1259 singula
1406 1191 1723 1245 Sanctorum
1760 1191 1998 1245 membra
2034 1191 2118 1244 vel
2156 1193 2380 1246 virtutes

258 1306 467 1359 laudari
505 1304 706 1370 solent,
758 1304 1060 1372 quibusque
1103 1322 1232 1373 prae
1281 1305 1473 1359 ceteris
1517 1303 1779 1373 gaudent;
1836 1305 2248 1373 transscriptum
2299 1311 2380 1359 est

258 1437 324 1472 ex
362 1421 409 1472 A
446 1419 479 1471 i.
519 1435 562 1471 e.
602 1418 782 1471 codice
819 1418 971 1471 Bodl.
1011 1418 1190 1471 XVIII
1229 1418 1262 1471 f.
1302 1423 1370 1471 47
1394 1450 1458 1457 ——
1483 1422 1548 1471 62
1588 1421 1643 1471 et
1689 1417 1944 1471 collatum
1992 1435 2111 1471 cum
2156 1419 2201 1472 B
2251 1419 2284 1471 i.
2333 1437 2376 1472 e.

257 1532 437 1585 codice
472 1531 609 1585 Mus.
648 1531 782 1583 Brit.
821 1531 969 1583 LVII
1006 1531 1039 1584 f.
1078 1536 1146 1584 44
1169 1564 1236 1571 —
1259 1536 1341 1584 56.
1416 1531 1678 1595 Quartum
1715 1536 1770 1584 et
1806 1532 2078 1599 quintum,
2135 1550 2273 1600 quae
2310 1533 2378 1587 ad

257 1645 405 1699 aliud
460 1661 626 1713 genus
682 1645 1044 1714 rhythmicum
1088 1644 1380 1712 pertinent,
1439 1644 1722 1697 sumsimus
1769 1662 1797 1697 e
1853 1643 2033 1697 codice
2085 1645 2378 1699 Bodleiano

255 1759 437 1813 XVIII
473 1758 507 1811 f.
549 1763 703 1811 62-
732 1763 798 1811 63
835 1763 889 1811 et
925 1757 959 1812 f.
997 1763 1150 1811 34—
1173 1762 1255 1810 35.

403 1876 490 1943 10)
528 1866 969 1940 Antzfflzonarum
1022 1890 1161 1941 quae
1217 1875 1272 1926 in
1328 1873 1479 1927 libris
1536 1867 1905 1934 amplum-’N
1963 1873 2046 1926 vel
2102 1873 2246 1933 ,Ε-ἢε
2297 1875 2377 1928 in-

255 1988 469 2056 scriptis
507 1988 852 2041 continentur
897 1987 1175 2055 hucusque
1220 1987 1370 2040 nulla
1413 1988 1556 2056 typis
1602 1987 1746 2040 edita
1793 1990 1888 2039 est.
1975 1987 2047 2038 At
2092 2003 2211 2040 cum
2256 2006 2376 2057 pre-

253 2102 554 2155 tiosissimis
590 2101 870 2154 literarum
907 2100 1346 2168 Aethiopicarum
1388 2101 1744 2153 monumentis
1782 2100 2216 2154 annumerandae
2253 2102 2376 2168 sint,

252 2233 437 2269 earum
482 2231 696 2282 quoque
741 2214 1005 2282 specimen
1052 2213 1250 2266 addere
1294 2213 1520 2282 placuit,
1569 2230 1674 2281 quo
1721 2213 2054 2266 eruditorum
2100 2213 2264 2266 animi
2307 2215 2376 2278 ad

250 2329 403 2382 illum
440 2328 694 2382 ecclesiae
720 2327 1066 2396 Abyssinicae
1095 2327 1410 2381 thesaurum
1448 2327 1869 2380 adverterentur.
1933 2325 2226 2394 Selegimus
2263 2329 2375 2396 pri-

251 2460 407 2508 mam,
434 2443 843 2510 transscriptam
871 2459 899 2494 e
925 2442 1114 2509 Degua
1139 2440 1284 2509 quod
1310 2440 1539 2493 Londini
1564 2440 1620 2492 in
1645 2439 1970 2493 bibliotheca
1997 2438 2280 2494 Societatis
2306 2442 2375 2495 ad

251 2556 428 2608 Biblia
454 2572 607 2608 sacra
631 2555 686 2607 in
712 2555 997 2608 Britannia
1022 2560 1076 2607 et
1110 2554 1257 2622 apud
1289 2559 1501 2607 exteras
1537 2558 1722 2620 gentes
1762 2551 2059 2620 evulganda
2094 2553 2376 2607 institutae

250 2672 584 2733 asservatur,
643 2685 899 2735 eamque,
958 2667 1193 2734 exceptis
1252 2667 1382 2719 locis
1434 2667 1619 2734 paucis
1659 2667 1765 2734 »qui
1813 2666 1989 2718 insani
2040 2659 2373 2725 videbantur,

249 2786 422 2835 totam
459 2781 810 2834 exhibuimus
886 2780 1055 2833 Notas
1092 2780 1344 2845 musicas,
1386 2779 1577 2846 quibus
1615 2778 1828 2846 singula
1861 2777 2191 2844 singulorum
2222 2773 2373 2842 hym-

250 2912 443 2948 norum
487 2894 651 2948 verba
694 2894 751 2946 in
799 2893 1154 2962 hymnologiis
1201 2893 1331 2946 Msc.
1384 2893 1594 2945 munita
1650 2908 1764 2944 esse
1820 2890 2016 2954 solent,
2076 2888 2371 2940 omisimus:

249 3025 423 3076 neque
480 3008 621 3061 enim
674 3007 805 3076 quid
851 3007 1095 3075 singulae
1142 3006 1357 3059 valeant
1410 3005 1586 3058 adhuc
1641 3004 1986 3073 explanatum
2042 3006 2144 3066 est,
2200 3017 2374 3068 neque

247 3121 632 3191 typographica
689 3121 927 3174 subsidia
981 3125 1167 3173 nostra
1221 3120 1289 3172 ad
1347 3137 1436 3172 eas
1489 3117 1777 3171 imitandas
1825 3115 2112 3169 sufficiunt.
2204 3113 2372 3165 Voces

248 3411 356 3453 inde
390 3412 515 3464 orto,
554 3406 679 3464 quod
710 3407 759 3449 in
790 3406 1058 3462 apographo
1090 3408 1251 3449 nostro
1285 3418 1499 3449 versuum
1530 3417 1747 3447 numeros
1787 3400 2098 3446 adscribentes
2136 3397 2266 3452 lapsu
2299 3409 2368 3439 ca-

250 3497 356 3539 lami
387 3511 413 3539 a
442 3507 635 3539 numero
667 3496 723 3534 47
757 3491 816 3535 ad
846 3505 1089 3536 numerum
1121 3494 1177 3533 50
1208 3491 1442 3547 progressi
1475 3505 1639 3533 sumus.
1712 3489 1847 3541 Cujus
1880 3485 2048 3530 erroris
2080 3482 2262 3528 veniam
2294 3495 2370 3537 pe-

247 3579 398 3622 timus.
