2534 4082
218 182 220 185 .
285 132 381 172 ΧΠ
1012 101 1014 103 ‚
1171 115 1503 163 Praefatio.

429 282 483 351 5)
526 283 715 335 Oratio
753 269 1110 335 eucharistica
1145 282 1380 335 Joanm's
1418 282 1778 352 Glarysostomi
1820 283 2159 351 suppeditata
2195 288 2278 338 est
2312 301 2398 337 co-

283 394 399 447 dice
436 394 727 447 Bodleiano
767 393 1070 456 Oxoniensi,
1093 393 1258 447 XVII.
1311 395 1464 449 Aliae
1501 393 1661 465 hujus
1699 398 1907 465 generis
1946 379 2215 451 orationes
2257 397 2399 466 typis
2499 418 2503 422 ·

283 507 457 560 editae
505 512 631 560 sunt
675 508 730 558 in
769 506 917 558 Novo
957 506 1295 561 Testamento
1335 509 1513 574 Aeth.,
1564 510 1764 563 Romae
1807 511 2092 578 impresso,
2140 514 2194 563 et
2248 509 2314 569 in·
2351 509 2399 562 J.

200 650 233 696 s
285 620 496 672 Ludolfi
535 619 825 672 Comment.
863 620 934 672 ad
970 620 1173 674 Histor.
1205 622 1361 675 Aeth.
1422 623 1503 676 De
1540 623 1606 675 iis
1644 623 1928 690 diligenter
1964 623 2260 694 disputavit
2296 623 2399 675 Re-

282 726 486 785 naudot
521 733 578 784 in
617 728 941 786 Collectione
979 723 1342 802 Liturgiarum
1383 735 1752 789 Orientalium.
1815 737 1935 790 Par.
1967 740 2146 789 1716.’

427 845 480 913 6)
519 845 754 913 Reyulas
782 846 1064 900 Pachomii
1101 848 1478 915 exscripsimus
1517 866 1546 901 e
1584 849 1765 902 codice
1790 849 2106 902 Abbadiano
2134 848 2399 902 CLXXIV

281 958 489 1027 (ecdem
539 976 566 1011 e
616 975 722 1027 quo
759 976 932 1027 nuper
967 960 1104 1013 liber
1140 960 1372 1013 Hermae
1410 943 1600 1014 editus*
1625 961 1730 1030 est)
1777 978 2005 1029 eumque
2050 962 2184 1029 siglo
2222 963 2267 1014 A
2306 979 2402 1022 no-

278 1072 530 1138 tavimus;
580 1090 708 1139 pars
747 1090 931 1125 earum
969 1074 1131 1126 tertia
1168 1074 1247 1141 (p.
1288 1075 1547 1142 63—69)
1586 1074 1895 1127 continetur
1932 1074 2094 1126 etiam
2130 1074 2187 1126 in
2228 1074 2402 1129 codice

170 1188 173 1190 ’
280 1185 460 1238 Musei·
497 1185 794 1238 Britannici
842 1185 1026 1238 XVIII
1069 1185 1103 1240 f.
1156 1190 1331 1238 139—
1354 1189 1474 1252 146,
1523 1187 1675 1256 cujus
1723 1187 2118 1255 apographum,
2174 1187 2308 1256 siglo
2355 1188 2426 1253 Β,

277 1293 613 1366 insignitum,
663 1298 1099 1365 comparavimus,
1170 1299 1407 1366 Regulae
1453 1298 1714 1354 constant
1748 1300 1923 1354 tribus
1969 1290 2214 1368 partibus
2263 1318 2401 1369 quae

278 1412 521 1479 quamvis
559 1412 761 1479 origine
799 1411 1039 1464 diversae
1077 1412 1206 1478 sint,
1252 1416 1434 1466 tamen
1471 1414 1528 1466 in
1563 1407 1700 1467 libro
1739 1412 1868 1466 Msc.
1906 1431 2014 1466 uno
2053 1417 2238 1468 tenore
2275 1431 2399 1468 con-

277 1525 511 1593 scriptae
563 1530 704 1578 sunt.
789 1525 991 1578 Earum
1036 1525 1210 1593 prima
1251 1526 1631 1602 perantiquum
1681 1530 1764 1580 est
1807 1532 2213 1581 monumentum
2258 1528 2402 1596 quod

277 1640 570 1692 etiamnum
617 1638 820 1692 Graece
867 1643 1044 1692 exstat
1087 1639 1143 1691 in
1189 1638 1419 1692 Palladii
1473 1639 1699 1693 historia
1751 1640 2015 1694 Lausiaca
2064 1640 2118 1694 O.
2164 1641 2399 1694 XXXIX

277 1757 346 1807 et,
369 1753 487 1819 XL3
545 1770 670 1820 pars
719 1752 954 1805 secunda
991 1752 1205 1836 Graece
1239 1753 1382 1821 typis
1420 1753 1659 1806 nondum
1695 1754 1958 1822 impressa
1982 1735 2100 1819 est,
2151 1754 2244 1807 sed
2287 1772 2398 1809 ma-

277 1866 554 1934 nuscripta
590 1866 860 1938 invenitur
895 1866 950 1918 in
989 1866 1167 1921 codice
1206 1866 1437 1934 quodam
1472 1867 1807 1933 Florentino,
1847 1867 2067 1936 ejusque
2103 1867 2399 1921 versionem

276 1965 526 2032 Latinam
563 1979 801 2032 invenies
854 1980 909 2031 in
948 1980 1095 2032 Actis
1135 1979 1454 2032 Sanctorum
1503 1980 1718 2049 (Venet.
1764 1982 1929 2050 1738)
1979 1979 2078 2033 sub
2124 1980 2211 2034 die
2249 1981 2434 2064 XIV&

274 2092 403 2147 Maii
440 2112 490 2161 p.
528 2097 629 2146 346
669 2097 722 2145 et
757 2097 888 2158 3473
926 2093 1098 2159 partis
1135 2061 1343 2157 tertiae,
1382 2093 1695 2173 recentioris
1732 2094 1919 2162 utique
1958 2094 2051 2147 sed
2088 2095 2219 2148 scite
2256 2111 2397 2148 com—

273 2208 503 2275 positae,
559 2206 909 2275 archetypum
966 2223 1063 2258 nos
1118 2205 1333 2274 quidem
1376 2183 1614 2274 reperire
1662 2223 1770 2259 non
1815 2207 2105 2275 potuimus,
2191 2208 2397 2262 Harum

272 2320 580 2387 regularum
634 2325 814 2388 partes
872 2319 1010 2372 duae
1064 2320 1270 2386 priores
1325 2320 1427 2372 etsi
1479 2321 1681 2388 passim
1734 2324 2022 2388 corruptae
2073 2325 2128 2374 et
2177 2339 2398 2376 mancae

273 2439 424 2499 sunt,
470 2439 651 2488 tamen
698 2452 731 2486 a
776 2433 928 2485 nobis
975 2432 1266 2500 impetrare
1315 2433 1672 2500 nequivimUS,
1727 2436 1790 2486 ut
1834 2438 2240 2487 monumentum
2284 2439 2397 2488 tam

271 2565 454 2600 rarum
481 2565 509 2600 e
535 2552 721 2599 nostra
747 2546 1048 2599 anecdoton
1080 2546 1391 2599 collectione
1429 2546 1848 2601 excluderemus.
1903 2545 2029 2608 ⁴Sed
2066 2564 2133 2600 ne
2169 2547 2396 2602 lectores
2425 2614 2429 2618 ,

271 2662 326 2713 in
380 2661 487 2713 illis
543 2660 674 2712 loeis
730 2659 1036 2724 haererent,
1097 2659 1355 2711 lectiones
1402 2659 1636 2712 Graecas
1656 2706 1667 2711 -
1689 2659 1775 2711 vel
1813 2659 2059 2725 Latinae,
2116 2661 2396 2729 equibus

272 2743 555 2828 emendare
593 2773 741 2839 licet,
781 2773 836 2824 in
874 2771 1310 2825 annotationibus
1349 2771 1707 2840 subjiciendas
1745 2789 1860 2825 esse
1898 2773 2214 2826 censuimus,
2294 2792 2296 2796 ·

416 2892 467 2954 7)
514 2887 796 2953 Epistolae
851 2889 905 2938 et
955 2885 1011 2954 8)
1056 2886 1329 2938 Homiliae
1385 2902 1565 2938 omnes
1621 2885 1964 2938 continentur
2018 2885 2156 2939 libro
2211 2886 2395 2957 Gyrilli

272 3001 614 3068 Aethiopico,
662 3000 814 3069 cujus
853 2998 1246 3066 exemplaribus
1282 2998 1366 3051 usi
1403 3016 1586 3051 sumus
1634 2997 1867 3065 duobUS,
1913 2998 2159 3052 videlicet
2193 3000 2238 3053 B
2276 3001 2309 3053 i.
2348 3020 2392 3054 e.

273 3113 598 3180 Tubingensi
635 3119 690 3166 et
726 3114 772 3165 A
810 3113 844 3165 i.
883 3129 927 3165 e.
961 3112 1291 3166 Londinensi
1328 3111 1447 3177 illo,
1487 3111 1631 3179 quod
1670 3112 1941 3180 quondam
1977 3112 2034 3164 in
2071 3112 2394 3171 bibliotheca

271 3226 554 3279 Societatis
592 3226 777 3278 Indiae
815 3225 1062 3278 orientali
1098 3226 1412 3292 imperantis
1445 3226 1741 3293 repositum
1778 3229 1909 3279 erat.
1985 3225 2262 3293 Epistolae
2297 3244 2393 3280 nec

270 3357 378 3392 non
417 3339 617 3404 Severi,
656 3338 956 3403 Juvenalis,
1006 3338 1251 3403 Eusebii,
1303 3338 1591 3403 Theodoti,
1641 3339 1811 3391 Firmi
1858 3338 2109 3392 homiliae
2153 3339 2223 3392 ad
2265 3357 2392 3392 con-

271 3452 449 3505 cilium
503 3451 705 3521 Ephesi
760 3469 806 3504 a.
862 3455 962 3503 431
1022 3451 1267 3503 habitum
1320 3451 1606 3519 pertinent.
1706 3451 1951 3519 Epistola
2004 3454 2262 3520 utraque,
2319 3470 2390 3505 sc.

270 3564 492 3618 Jcannis
542 3564 861 3618 Antiocheni
917 3563 986 3617 ad
1031 3563 1288 3632 Cyrillum
1336 3564 1759 3617 Alexandrinum
1815 3567 1870 3616 et
1924 3562 2108 3633 Gyrilli
2156 3562 2240 3616 Al.
2294 3576 2395 3631 per·
