2534 4082
260 140 302 178 X
1162 128 1500 178 Praefatio.

257 304 312 354 et
358 299 413 351 in
456 297 575 365 ipsa
613 295 1005 350 Christianismi
1041 294 1378 349 ‘incunabula
1425 296 1771 365 referrentur,
1816 301 1895 352 ita
1941 304 2124 353 noster
2161 319 2373 370 quoque

258 418 446 467 auctor
482 425 762 478 quaequae
807 425 904 460 sua
948 411 1126 461 aeta-te
1170 408 1254 461 vel
1301 404 1414 463 sua'
1442 410 1499 463 in
1543 412 1722 479 patria
1770 413 1835 466 de
1878 413 2110 466 Jeremia
2153 413 2374 482 ejusque

256 526 411 579 sociis
449 523 576 575 ficta
623 519 1133 573 circumferebantur
1170 521 1351 575 vliteris
1402 525 1716 591 consignare
1763 529 1817 578 et
1851 526 2112 580 Jeremiae
2162 545 2374 595 quoque

254 637 530 707 praedicta
564 635 620 686 in
656 633 841 686 Jesum
868 632 1139 686 Christum
1175 635 1345 703 magis
1383 640 1573 703 aperta
1609 640 1664 690 et
1699 639 1996 706 perspicua,
2036 658 2198 707 quam
2236 658 2373 716 quae

252 752 308 803 in
346 749 539 802 Vetere
577 747 919 800 Testamento
964 746 1297 814 legerentur,
1347 748 1608 817 subjicere
1654 749 1838 803 voluit.
1920 752 2228 805 Baruchum
2277 771 2371 806 au-

252 869 376 928 tem,
403 862 435 915 J
439 860 666 914 eremiae
691 860 936 927 scribam,
969 860 1114 928 quod
1139 865 1413 914 auctorem
1437 861 1561 914 libri
1587 861 1760 926 finxit,
1799 863 1928 916 satis
1955 870 2372 918 consentaneum

252 980 390 1030 erat:
446 991 572 1027 nam
607 974 640 1027 J
643 974 887 1040 eremiaS,
935 974 1028 1041 qui
1073 974 1130 1026 in
1171 975 1290 1042 ipso
1338 974 1588 1027 vaticinio
1626 975 2056 1042 praenuntiando
2104 977 2372 1044 lapidibus

251 1089 475 1143 obrutus
513 1104 629 1141 esse
665 1087 875 1153 dicitur,
914 1104 1012 1140 sua
1047 1086 1210 1140 verba
1246 1085 1512 1154 quomodo
1551 1086 1883 1140 conscribere
1912 1089 2207 1155 potuisset?
2267 1090 2372 1144 Sed

251 1205 483 1256 aetatem
519 1199 644 1254 libri
684 1199 952 1252 difficilius
999 1200 1101 1252 erit
1147 1203 1399 1252 accurate
1447 1198 1685 1251 definire.
1769 1200 2106 1269 Quamquam
2150 1220 2271 1255 cum
2315 1204 2372 1256 in

249 1334 311 1369 eo
368 1315 505 1367 alius
555 1312 679 1365 libri
732 1309 1209 1379 pseudepigraphi,
1268 1311 1361 1378 qui
1418 1313 1699 1379 Ascensi0‚
1755 1313 1953 1366 rectius
2000 1314 2147 1368 Visio
2200 1315 2371 1370 Isaiae

246 1428 535 1495 inscriptus
573 1429 669 1490 est,
707 1428 852 1477 certe
889 1424 1125 1492 quinque
1163 1424 1278 1493 ejus
1317 1425 1554 1492 capitum
1590 1425 1829 1493 priorum
1867 1426 2069 1480 diserta
2106 1427 2370 1482 habeatur

244 1540 383 1594 ratio
423 1541 496 1609 (p.
540 1539 650 1608 15),
701 1538 923 1606 ejusque
958 1543 1021 1592 ut
1058 1541 1177 1591 tota
1210 1537 1417 1590 indoles
1454 1538 1533 1591 ita
1570 1538 1782 1607 singula
1818 1540 1980 1594 verba
2017 1543 2120 1610 (ex,
2160 1557 2236 1608 gr.
2274 1541 2367 1594 Di-

243 1655 428 1718 lectuS,
468 1669 575 1720 quo
613 1651 829 1704 nomine
854 1650 1077 1703 Messias
1104 1649 1459 1719 significatur)
1497 1651 1577 1703 illi
1614 1653 1913 1707 assimilata
1950 1654 2073 1719 sint,
2112 1671 2208 1707 nos
2248 1654 2366 1722 qui-

244 1767 364 1820 dem
402 1784 523 1819 eum
560 1764 776 1818 Visione
812 1764 986 1816 Isaiae
1023 1762 1328 1816 inferiorem
1362 1768 1417 1817 et
1442 1764 1512 1817 ad
1538 1765 1812 1818 saeculum
1849 1766 2071 1819 tertium
2095 1766 2178 1820 vel
2203 1785 2366 1835 quar-

246 1885 363 1933 tum
399 1878 737 1932 referendum
783 1895 898 1930 esse
942 1894 1232 1930 censemus.
1269 1910 1334 1916 —
1383 1877 1649 1930 Libellum
1694 1879 2070 1947 exscripsimus
2119 1897 2148 1932 e
2196 1880 2368 1934 tribus

241 1993 511 2047 codicibus
548 1991 929 2059 manuscriptis
984 1992 1034 2059 1)
1073 1991 1120 2043 A
1159 1990 1268 2042 sive
1305 1990 1420 2043 cod.
1458 1990 1770 2044 Abbadiano
1810 1991 2037 2058 XXXV3
2079 1994 2136 2064 2)
2173 1994 2218 2046 Β
2257 1995 2365 2048 sive

241 2107 357 2160 cod.
396 2105 711 2160 Abbadiano
750 2105 869 2170 LV3
935 2104 989 2172 3)
1030 2103 1069 2156 C
1107 2105 1216 2156 sive
1254 2103 1368 2156 cod.
1406 2103 1845 2158 Francosurtensi
1892 2123 1998 2173 quo
2037 2107 2240 2175 scripta
2273 2107 2363 2161 Je-

240 2220 438 2274 remiae
476 2219 829 2272 continentur.
859 2251 925 2256 —
977 2218 1057 2270 De
1094 2217 1211 2270 loco
1249 2235 1300 2285 p.
1335 2222 1397 2270 14
1436 2217 1471 2270 l.
1509 2222 1538 2270 9
1579 2225 1634 2270 et
1675 2222 1738 2271 10
1777 2218 1864 2270 hic
1901 2224 2160 2274 annotare
2188 2221 2360 2290 juvat,

240 2350 521 2387 numerum
562 2337 663 2385 303
703 2332 785 2384 vel
825 2336 927 2384 330
966 2331 1049 2383 vel
1087 2335 1189 2384 333
1229 2329 1343 2400 (cfr.
1371 2347 1652 2383 numerum
1679 2335 1780 2383 332
1816 2331 1872 2383 in
1898 2332 2018 2384 Asc.
2043 2333 2150 2386 Jes.
2177 2339 2226 2399 4,
2257 2335 2360 2404 14),

237 2447 445 2499 etiamsi
482 2445 815 2513 singularum
853 2443 1244 2497 hebdomadum
1282 2443 1395 2497 dies
1433 2443 1774 2511 septingenos
1801 2446 2079 2511 statueriS‚
2117 2464 2237 2500 cum
2275 2464 2360 2500 so-

236 2560 334 2612 lito
371 2562 675 2626 temporum
712 2561 962 2625 computo
1000 2557 1147 2610 haud
1185 2557 1479 2624 quadrare,
1523 2574 1698 2625 neque
1736 2558 2108 2613 emendatione
2154 2564 2357 2627 nostra,

237 2689 346 2740 qua
402 2675 576 2724 30003
624 2669 891 2737 simplices
946 2669 1153 2722 dierum
1208 2668 1569 2722 hebdomades
1625 2668 2056 2738 substituuntur,
2129 2673 2359 2729 multum

236 2784 439 2853 profici.

382 2899 436 2968 2)
462 2896 912 2950 Narratiunculae
951 2897 1014 2949 de
1050 2897 1196 2949 Viris
1224 2895 1444 2949 Sanctis
1481 2900 1684 2964 septem
1723 2900 1930 2950 sumtae
1969 2903 2095 2950 sunt
2131 2916 2160 2951 e
2187 2897 2354 2968 Syna-

234 3012 510 3064 xariorum
549 3010 985 3077 Aethiopicorum
1022 3009 1203 3063 codiee
1242 3008 1581 3077 Tubingensi.
1660 3009 1862 3072 Quinta
1899 3010 1988 3079 (de
2026 3010 2262 3080 Salama)
2301 3017 2356 3066 et

235 3125 464 3193 septima
500 3122 589 3190 (de
626 3122 1128 3186 Tacla-Haimanot)
1165 3122 1395 3175 collatae
1433 3127 1559 3175 sunt
1596 3139 1716 3175 cum
1751 3122 1888 3176 libro
1927 3124 2021 3191 qui
2066 3124 2354 3192 inscriptus

234 3242 317 3291 est
352 3237 579 3305 Viaggio
617 3254 644 3289 e
682 3236 936 3289 Missione
973 3234 1238 3288 Gattolica
1273 3235 1357 3288 fra
1392 3236 1411 3287 i
1448 3209 1636 3288 Mensa
1671 3236 1691 3287 i
1726 3236 1903 3303 Bogos
1951 3253 1979 3290 e
2031 3237 2104 3305 gli
2142 3237 2351 3304 Habab‚

234 3351 288 3403 di
327 3350 595 3418 Giuseppe
634 3349 847 3417 SapetO,
885 3343 1232 3414 Rom.'1857,
1271 3348 1363 3402 ubi
1401 3348 1631 3414 eaedem,
1671 3366 1700 3401 e
1738 3349 1917 3402 codice
1953 3367 2079 3402 msc.
2118 3350 2224 3403 alio
2257 3368 2350 3418 pe-

232 3463 390 3529 titae,
429 3464 570 3533 typis
605 3463 897 3531 impressae
934 3466 1082 3528 sunt3
1128 3466 1281 3515 sexta
1316 3465 1497 3515 autem
1534 3460 1624 3529 (de
1658 3462 1844 3531 Jared)
1881 3480 2001 3515 cum
2038 3463 2350 3531 apographo

233 3593 318 3641 eo,
368 3576 512 3642 quod
549 3576 819 3644 quondam
858 3575 1051 3630 Oxonii
1088 3593 1116 3628 e
1155 3575 1333 3629 codice
1370 3574 1662 3628 Bodleiano
1699 3575 1755 3627 in
1794 3578 2036 3628 nostrum
2073 3593 2228 3629 usum
2273 3575 2347 3629 se-
